% This file was created with JabRef 2.9.2.
% Encoding: Cp1252

@MISC{battlenet,
  howpublished = {\url{http://wikipedia.org}},
  note = {Last accessed: 2015-03-15}
}